<record><leader>00000cas a2200000 a 4500</leader><controlfield tag="001">77082815</controlfield><controlfield tag="007">hd afa015bucu</controlfield><controlfield tag="008">061219c19uu9999gaudr nea     0    0eng c</controlfield><datafield ind1=" " ind2=" " tag="010"><subfield code="a">  2006233292</subfield></datafield><datafield ind1=" " ind2=" " tag="040"><subfield code="a">GUA</subfield><subfield code="b">eng</subfield><subfield code="c">GUA</subfield><subfield code="d">GUA</subfield><subfield code="d">OCLCQ</subfield><subfield code="d">OCLCF</subfield></datafield><datafield ind1="1" ind2=" " tag="029"><subfield code="a">AU@</subfield><subfield code="b">000041161451</subfield></datafield><datafield ind1=" " ind2=" " tag="042"><subfield code="a">pcc</subfield></datafield><datafield ind1=" " ind2=" " tag="043"><subfield code="a">n-us-ga</subfield></datafield><datafield ind1="1" ind2="4" tag="050"><subfield code="a">AN13.J44</subfield><subfield code="b">G63</subfield></datafield><datafield ind1="0" ind2="4" tag="245"><subfield code="a">The GPA daily</subfield><subfield code="h">[microform].</subfield></datafield><datafield ind1="3" ind2=" " tag="246"><subfield code="a">Georgia Press Association daily</subfield></datafield><datafield ind1=" " ind2=" " tag="260"><subfield code="a">Jekyll Island, Ga. :</subfield><subfield code="b">GPA Daily</subfield></datafield><datafield ind1=" " ind2=" " tag="300"><subfield code="a">v. :</subfield><subfield code="b">ill.</subfield></datafield><datafield ind1=" " ind2=" " tag="310"><subfield code="a">Daily</subfield></datafield><datafield ind1=" " ind2=" " tag="588"><subfield code="a">Description based on: June 14, 1991; title from caption.</subfield></datafield><datafield ind1=" " ind2=" " tag="533"><subfield code="a">Microfilm.</subfield><subfield code="b">Athens, Ga. :</subfield><subfield code="c">University of Georgia Libraries,</subfield><subfield code="d">1996.</subfield><subfield code="e">microfilm reels ; 35 mm.</subfield></datafield><datafield ind1=" " ind2=" " tag="539"><subfield code="a">c</subfield><subfield code="b">1991</subfield><subfield code="c">9999</subfield><subfield code="d">gau</subfield><subfield code="e">d</subfield><subfield code="f">r</subfield><subfield code="g">a</subfield></datafield><datafield ind1=" " ind2="0" tag="651"><subfield code="a">Jekyll Island (Ga.)</subfield><subfield code="v">Newspapers.</subfield></datafield><datafield ind1=" " ind2="0" tag="651"><subfield code="a">Glynn County (Ga.)</subfield><subfield code="v">Newspapers.</subfield></datafield><datafield ind1=" " ind2="7" tag="655"><subfield code="a">Newspapers.</subfield><subfield code="2">fast</subfield><subfield code="0">(OCoLC)fst01423814</subfield></datafield><datafield ind1=" " ind2="7" tag="651"><subfield code="a">Georgia</subfield><subfield code="z">Glynn County.</subfield><subfield code="2">fast</subfield><subfield code="0">(OCoLC)fst01214157</subfield></datafield><datafield ind1=" " ind2="7" tag="651"><subfield code="a">Georgia</subfield><subfield code="z">Jekyll Island.</subfield><subfield code="2">fast</subfield><subfield code="0">(OCoLC)fst01209715</subfield></datafield><datafield ind1=" " ind2=" " tag="752"><subfield code="a">United States</subfield><subfield code="b">Georgia</subfield><subfield code="c">Glynn</subfield><subfield code="d">Jekyll Island.</subfield></datafield></record>